% -*- mode: fundamental -*-

% Bibliography for architecture book.

@book{
    Baader98a,
    author = "Baader, Franz and Nipkow, Tobias",
    title = "{Term Rewriting and All That}",
    publisher = "Cambridge University Press",
    year = 1998,
    pages = 300,
    note = "ISBN 0 521 45520 0"
}

@misc{
    BLang2000,
    author = "{Bluespec, Inc.}",
    title = "{BSV Guide}",
    year = "2022 (first version 2000)",
    url = "https://github.com/B-Lang-org/bsc/releases/latest/download/BSV_lang_ref_guide.pdf"
}

@misc{
    Bluespec2010c,
    author = "{Bluespec, Inc.}",
    title = "{High-level ``plug-and-play'' specification, modeling and synthesis of pipelined architectures with Bluespec's PAClib}",
    address = "http://www.bluespec.com",
    year = "2010",
    pages = 118
}

@misc{
    BSV_Lang_Ref_Guide,
    author = "{Various authors}",
    title = "{BSV Language Reference Guide}",
    year = "2024 (revised frequently)",
    pages = 170,
    url = "https://github.com/B-Lang-org/"
}

@misc{
    bsc_libs_ref_guide,
    author = "{Various authors}",
    title = "{BSV Libraries Reference Guide}",
    year = "2024 (revised frequently)",
    pages = 307,
    url = "https://github.com/B-Lang-org/"
}

@misc{
    bsc_user_guide,
    author = "{Various authors}",
    title = "{Bluespec Compiler (BSC) User Guide}",
    year = "2024 (revised frequently)",
    pages = 76,
    url = "https://github.com/B-Lang-org/"
}

@book{
    Borin2021,
    author = "Borin, Edson",
    title = "{An Introduction to Assembly Programming with RISC-V}",
    year = "2021 (Revised: May 9, 2022)",
    note = "PDF online: \url{https://riscv-programming.org/book.html}"
}

@Book{
    Chandy1988a,
    author = "Chandy, {K. Mani} and Misra, Jayadev",
    title = "{Parallel Program Design: A Foundation}",
    publisher = "Addison Wesley",
    year = 1988,
    pages = 516,
    annote = "UNITY (= Unbounded Nondeterministic Iterative Transformations)"
}

@misc{
    Dabbelt2023,
    author = "Dabbelt, Palmer and Clark, Michael and Bradbury, Alex",
    title = "{RISC-V Assembly Programmer's Manual}",
    year = "Recent update: Jun 29, 2023",
    note = "Online:
            \url{https://github.com/riscv-non-isa/riscv-asm-manual/blob/master/riscv-asm.md}"
}

@inProceedings{
    Dave2006,
    author = "Dave, Nirav and Michael Pellauer and Steve Gerding and Arvind",
    title = "{802.11a Transmitter: A Case Study in Microarchitectural Exploration}",
    booktitle = "{Proc. 6th ACM/IEEE Intl. Conf. on Formal Methods and Models for Codesign (MEMOCODE), Napa Valley, CA}",
    month = "July",
    year = 2006,
    annote = "Parameterized IFFT"
}

@article{
    Dijkstra1968,
    author = "Dijkstra, E. W.",
    title = "{Go To Statement Considered Harmful}",
    journal = "Communications of the ACM, Letters to the Editor",
    volume = 11,
    issue = 3,
    year = 1968,
    month = "March 1",
    pages = "147-148",
    annote = "Classic indictment of spaghetti logic and non-structured programming"
}

@book{
    Dijkstra1976,
    author = "Dijkstra, Edsgar W.",
    title = "{A Discipline of Programming}",
    publisher = "Prentice Hall",
    year = 1976,
    annote = "Predicate Transformers, Guarded Command Language"
}

@book{
    DosReis2019,
    author = "{Dos Reis}, Anthony J.",
    title = "{RISC-V Assembly Language}",
    year = 2019,
    pages = 155,
    note = "ISBN-10: 1088462006, ISBN-13: 978-1088462003. Available on Amazon.com."
}

@book{
    Hennessy2017,
    author = "John L. Hennessy and David A. Patterson",
    title = "{Computer Architecture: A Quantitative Approach, 6th Edition}",
    publisher = "Morgan Kaufmann",
    pages = 936,
    year = 2017,
    month = "December 7",
    note = "The Morgan Kaufmann Series in Computer Architecture and Design.
            ISBN-10: 0128119055, ISBN-13: 978-0128119051. Available in bookstores.",
}

@misc{
    IEEESystemC2011a,
    author = "IEEE",
    title  = "{IEEE Standard for Standard SystemC Language Reference Manual}",
    note   = "IEEE Std 1666-2011",
    month  = "January 9",
    year   = "2012",
}

@misc{
    IEEESystemVerilog2012a,
    author = "IEEE",
    title  = "{IEEE Standard for System Verilog---Unified Hardware Design, Specification and Verification Language}",
    note   = "IEEE Std 1800-2012",
    year   = "2013",
    month  = "21 February",
}

@misc{
    IEEEVerilog2005a,
    author = "IEEE",
    title  = "{IEEE Standard Verilog (R) Hardware Description Language}",
    note   = "IEEE Std 1364-2005",
    year   = "2005"
}

@misc{
    IEEEVHDL2002,
    author = "IEEE",
    title  = "{IEEE Standard VHDL Language Reference Manual, IEEE Std 1076-1993}",
    year   = 2002
}

@PhDThesis{
    Kamperman1996a,
    author = "Kamperman, Jasper",
    title = "{Compilation of Term Rewriting Systems}",
    school = "University of Amsterdam",
    year = 1996
}

@book{
    Kernighan78,
    author = "Kernighan, Brian W. and Ritchie, Dennis M.",
    title = "{The C Programming Language}",
    publisher = "Prentice Hall",
    year = 1978
}

@inBook{
    Klop1992a,
    author = "Klop, J.",
    title = "{Term Rewriting Systems}",
    bookTitle = "Handbook of Logic in Computer Science, S.Abramsky,
                 D.M.Gabbay and T.S.E.Maibaum, editors",
    publisher = "Oxford University Press",
    volume = 2,
    pages = "1-116",
    year = 1992
}

@book{
    Lamport2002a,
    author = "Lamport, Leslie",
    title = "{Specifying Systems: The TLA+ Language and Tools for Hardware
              and Software Engineers}",
    publisher = "Addison-Wesley Professional (Pearson Education)",
    year = 2002
}

@Misc{
    Metayer2005a,
    author = "{Metayer, C. and J.-R. Abrial and L. Voisin}",
    title = "{The Event-B Language}",
    month = "May 31",
    year = 2005,
    pages = 147,
    note = "http://rodin.cs.ncl.ac.uk/deliverables.htm"
}

@book{
    Nikhil2010a,
    author = "Nikhil, Rishiyur S. and Kathy R. Czeck",
    title = "BSV by Example",
    publisher = "CreateSpace",
    year = 2010,
    month = "December",
    pages = "302",
    note = "ISBN-10: 1456418467; ISBN-13: 978-1456418465; available on Amazon.com.",
    annote = "http://www.amazon.com/BSV-Example-Rishiyur-S-Nikhil/dp/1456418467/ref=sr_1_2?ie=UTF8&s=books&qid=1294863695&sr=8-2"
}

@book{
    PattersonHennessy2020,
    author = "Patterson, David A. and Hennessy, John L.",
    title = "{Computer Organization and Design RISC-V Edition (2nd Edition): The Hardware Software Interface}",
    year = 2020,
    pages = 736,
    publisher = "Morgan Kaufman",
    note = "The Morgan Kaufmann Series in Computer Architecture and Design.
            ISBN-10: 0128203315, ISBN-13: 978-0128203316. Available in bookstores.",
}

@book{
    PattersonWaterman2017,
    author = "Patterson David and Waterman Andrew",
    title = "{The RISC-V Reader: An Open Architecture Atlas}",
    year = 2017,
    publisher = "Strawberry Canyon",
    pages = 200,
    note = "ISBN-10: 0999249118, ISBN-13: 978-0999249116. Available in bookstores."
}

@book{
    PeytonJones2003,
    author = "{Peyton Jones (Editor)}, Simon",
    title = "{Haskell 98 Language and Libraries: The Revised Report}",
    publisher = "Cambridge University Press",
    pages = 272,
    year = 2003,
    month = "May 5",
    note = "haskell.org"
}

@misc{
    RISCV_Unpriv_2019_12_13,
    author = "Waterman, Andrew and {Asanovi\'c},  Krste",
    title = "{The RISC-V Instruction Set Manual Volume I: Unprivileged ISA}",
    year = 2019,
    month = "December 13",
    note = "Document Version 20191213..
            PDF online (and newer versions, if any):
            \url{https://riscv.org/technical/specifications/}"
}

@misc{
    RISCV_Priv_2021_12_03,
    author = "Waterman, Andrew and {Asanovi\'c},  Krste and Hauser, John",
    title = "{The RISC-V Instruction Set Manual Volume II: Privileged Architecture}",
    year = 2021,
    month = "December 4",
    note = "Document Version 20211203.
            PDF online (and newer versions, if any):
            \url{https://riscv.org/technical/specifications/}"
}

@misc{
    Shakti_RISCV_ASM_Manual,
    title = "{RISC-V ASSEMBLY LANGUAGE, Programmer Manual Part I}",

    author = "{SHAKTI Development Team @ iitm '20 shakti.org.in
               (Indian Institute of Technology, Madras, India)}",
    year = 2020,
    note = "PDF online: \url{https://shakti.org.in/docs/risc-v-asm-manual.pdf}"
}

@book{
    Terese2003,
    author = "Terese",
    title  = "{Term Rewriting Systems}",
    publisher = "Cambridge University Press",
    year = 2003,
    pages = 884,
    note = "Cambridge Tracts in Theoretical Computer Science 55"
}
